<record xmlns="http://www.loc.gov/MARC21/slim" xmlns:xsi="http://www.w3.org/2001/XMLSchema-instance" xsi:schemaLocation="http://www.loc.gov/MARC21/slim http://www.loc.gov/standards/marcxml/schema/MARC21slim.xsd"><leader>02514nam a2200457   4500</leader><controlfield tag="001">002177858</controlfield><controlfield tag="003">NNU</controlfield><controlfield tag="006">m        d        </controlfield><controlfield tag="007">cr cn |||m|||a</controlfield><controlfield tag="008">150222r19661903iq      ob    001 0 ara d</controlfield><datafield ind1=" " ind2=" " tag="040"><subfield code="a">NNU</subfield><subfield code="b">eng</subfield><subfield code="e">rda</subfield><subfield code="c">NNU</subfield></datafield><datafield ind1="0" ind2=" " tag="041"><subfield code="a">ara</subfield><subfield code="b">ger</subfield></datafield><datafield ind1=" " ind2="4" tag="050"><subfield code="a">PJ7700</subfield><subfield code="b">.R8 1966</subfield></datafield><datafield ind1="0" ind2=" " tag="100"><subfield code="6">880-01</subfield><subfield code="a">Ru&#700;bah ibn al-&#699;Ajja&#772;j,</subfield><subfield code="d">-762?</subfield></datafield><datafield ind1="1" ind2="0" tag="245"><subfield code="6">880-02</subfield><subfield code="a">Majmu&#772;&#699; ash&#699;a&#772;r al-&#699;Arab, wa-huwa mushtamil &#699;ala&#769; Di&#772;wa&#772;n Ru&#700;bah ibn al-&#699;Ajja&#772;j :</subfield><subfield code="b">wa-&#699;ala&#769; abya&#772;t mufrada&#772;t mansu&#772;bah ilayhi /</subfield><subfield code="c">i&#699;tana&#769; bi-tas&#803;h&#803;i&#772;h&#803;ihi wa-tarti&#772;bihi Wilyam ibn Alward "al-Buru&#772;si&#772;"</subfield></datafield><datafield ind1="3" ind2="0" tag="246"><subfield code="6">880-03</subfield><subfield code="a">Di&#772;wa&#772;n Ru&#700;bah ibn al-&#699;Ajja&#772;j</subfield></datafield><datafield ind1="1" ind2="5" tag="246"><subfield code="a">Sammlungen alter arabischer Dichter</subfield></datafield><datafield ind1="3" ind2="0" tag="246"><subfield code="a">Di&#772;wa&#772;n des Reg&#772;ezdichters Ru&#772;ba ben elA&#787;g&#772;g&#772;a&#772;g&#772;</subfield></datafield><datafield ind1=" " ind2=" " tag="260"><subfield code="6">880-04</subfield><subfield code="a">Baghda&#772;d :</subfield><subfield code="b">Yut&#803;labu min Maktabat al-Muthanna&#769;,</subfield><subfield code="c">[1966?]</subfield></datafield><datafield ind1=" " ind2=" " tag="300"><subfield code="a">online resource (191, 122, cxii)</subfield></datafield><datafield ind1=" " ind2=" " tag="336"><subfield code="a">text</subfield><subfield code="2">rdacontent</subfield></datafield><datafield ind1=" " ind2=" " tag="337"><subfield code="a">computer</subfield><subfield code="2">rdamedia</subfield></datafield><datafield ind1=" " ind2=" " tag="338"><subfield code="a">online resource</subfield><subfield code="2">rdacarrier</subfield></datafield><datafield ind1=" " ind2=" " tag="500"><subfield code="a">Poems.</subfield></datafield><datafield ind1=" " ind2=" " tag="500"><subfield code="a">Introd. and notes in German.</subfield></datafield><datafield ind1=" " ind2=" " tag="500"><subfield code="a">Title on added t.p.: Sammlungen alter arabischer Dichter, Der Di&#772;wa&#772;n des Reg&#772;ezdichters Ru&#772;ba ben elA&#787;g&#772;g&#772;a&#772;g&#772;.</subfield></datafield><datafield ind1=" " ind2=" " tag="500"><subfield code="a">Part of the Arabic Collections Online (ACO) project, contributed by New York Univeristy Libraries.</subfield></datafield><datafield ind1=" " ind2=" " tag="533"><subfield code="a">Electronic reproduction.</subfield><subfield code="b">New York, N.Y. :</subfield><subfield code="c">New York University,</subfield><subfield code="d">2015.</subfield><subfield code="5">NNU</subfield></datafield><datafield ind1=" " ind2=" " tag="534"><subfield code="p">Originally published:</subfield><subfield code="c">Berlin : Reuther &amp; Reichard, 1903.</subfield></datafield><datafield ind1=" " ind2=" " tag="504"><subfield code="a">Includes bibliographical references.</subfield></datafield><datafield ind1="1" ind2=" " tag="700"><subfield code="a">Ahlwardt, W.</subfield><subfield code="q">(Wilhelm),</subfield><subfield code="d">1828-1909.</subfield></datafield><datafield ind1="2" ind2=" " tag="710"><subfield code="a">New York University.</subfield><subfield code="b">Libraries.</subfield></datafield><datafield ind1="0" ind2=" " tag="730"><subfield code="a">Arabic Collections Online.</subfield></datafield><datafield ind1="0" ind2="8" tag="776"><subfield code="i">Print version:</subfield><subfield code="a">Ru&#700;bah ibn al-&#699;Ajja&#772;j, -762?</subfield><subfield code="t">Majmu&#772;&#699; ash&#699;a&#772;r al-&#699;Arab, wa-huwa mushtamil &#699;ala&#769; Di&#772;wa&#772;n Ru&#700;bah ibn al-&#699;Ajja&#772;j</subfield><subfield code="w">(NNU)002177858</subfield></datafield><datafield ind1="4" ind2="0" tag="856"><subfield code="u">http://hdl.handle.net/2333.1/9kd51dxk</subfield></datafield><datafield ind1="0" ind2=" " tag="880"><subfield code="6">100-01/</subfield><subfield code="a">&#1585;&#1572;&#1576;&#1577; &#1576;&#1606; &#1575;&#1604;&#1593;&#1580;&#1575;&#1580;&#1548;,</subfield><subfield code="d">-762?</subfield></datafield><datafield ind1="1" ind2="0" tag="880"><subfield code="6">245-02/</subfield><subfield code="a">&#1605;&#1580;&#1605;&#1608;&#1593; &#1575;&#1588;&#1593;&#1575;&#1585; &#1575;&#1604;&#1593;&#1585;&#1576;&#1548; &#1608;&#1607;&#1608; &#1605;&#1588;&#1578;&#1605;&#1604; &#1593;&#1604;&#1609; &#1583;&#1610;&#1608;&#1575;&#1606; &#1585;&#1572;&#1576;&#1577; &#1576;&#1606; &#1575;&#1604;&#1593;&#1580;&#1575;&#1580; :</subfield><subfield code="b">&#1608;&#1593;&#1604;&#1609; &#1575;&#1576;&#1610;&#1575;&#1578; &#1605;&#1601;&#1585;&#1583;&#1575;&#1578; &#1605;&#1606;&#1587;&#1608;&#1576;&#1577; &#1575;&#1604;&#1610;&#1607; /</subfield><subfield code="c">&#1575;&#1593;&#1578;&#1606;&#1609; &#1576;&#1578;&#1589;&#1581;&#1610;&#1581;&#1607; &#1608;&#1578;&#1585;&#1578;&#1610;&#1576;&#1607; &#1608;&#1604;&#1610;&#1605; &#1576;&#1606; &#1575;&#1604;&#1608;&#1585;&#1583; "&#1575;&#1604;&#1576;&#1585;&#1608;&#1587;&#1610;."</subfield></datafield><datafield ind1="3" ind2="0" tag="880"><subfield code="6">246-03/</subfield><subfield code="a">&#1583;&#1610;&#1608;&#1575;&#1606; &#1585;&#1572;&#1576;&#1577; &#1576;&#1606; &#1575;&#1604;&#1593;&#1580;&#1575;&#1580;</subfield></datafield><datafield ind1=" " ind2=" " tag="880"><subfield code="6">260-04/</subfield><subfield code="a">&#1576;&#1594;&#1583;&#1575;&#1583; :</subfield><subfield code="b">&#1610;&#1591;&#1604;&#1576; &#1605;&#1606; &#1605;&#1603;&#1578;&#1576;&#1577; &#1575;&#1604;&#1605;&#1579;&#1606;&#1548;</subfield><subfield code="c">[1966?]</subfield></datafield><datafield ind1=" " ind2=" " tag="959"><subfield code="a">NNU</subfield><subfield code="b">WEB</subfield><subfield code="c">GENI</subfield><subfield code="t">0</subfield><subfield code="m">Electronic access</subfield><subfield code="s">01</subfield></datafield><datafield ind1=" " ind2=" " tag="999"><subfield code="i">NNU_002177858</subfield><subfield code="s">nyu_aco000337</subfield><subfield code="e">(ERROR-880)</subfield></datafield></record>